@article{lamberti2007desarrollo,
  title={Desarrollo del modelo matem{\'a}tico de Hodgkin y Huxley en neurociencias},
  author={Lamberti, Pedro W and Rodr{\'\i}guez, V{\'\i}ctor},
  journal={Electroneurobiolog{\'\i}a},
  volume={15},
  number={4},
  pages={31--60},
  year={2007}
}

@article{schwiening2012brief,
  title={A brief historical perspective: Hodgkin and Huxley},
  author={Schwiening, Christof J},
  journal={The Journal of physiology},
  volume={590},
  number={Pt 11},
  pages={2571},
  year={2012},
  publisher={Wiley}
}

@book{izhikevich2007dynamical,
  title={Dynamical systems in neuroscience},
  author={Izhikevich, Eugene M},
  year={2007},
  publisher={MIT press}
}

@book{ermentrout2010mathematical,
  title={Mathematical foundations of neuroscience},
  author={Ermentrout, Bard and Terman, David Hillel},
  volume={35},
  year={2010},
  publisher={Springer}
}

