@book{deep-learning,
    title={Deep Learning},
    author={Ian Goodfellow and Yoshua Bengio and Aaron Courville},
    publisher={MIT Press},
    note={\url{http://www.deeplearningbook.org}},
    year={2016}
}

@book{hands-on-ML-sklearn-tf,
  title     = {Hands-On Machine Learning with Scikit-Learn and TensorFlow},
  author    = {Aurélien Géron},
  year      = {2017},
  publisher = {O'Reilly Media},
  edition   = {1st},
  isbn      = {9781491962299},
}

@online{fashion-mnist,
  author       = {Han Xiao and Kashif Rasul and Roland Vollgraf},
  title        = {{Fashion-MNIST}: a {Novel Image Dataset for Benchmarking Machine Learning Algorithms}},
  date         = {2017-08-28},
  year         = {2017},
  eprintclass  = {cs.LG},
  eprinttype   = {arXiv},
  eprint       = {cs.LG/1708.07747},
}

@article{pedro-domingos,
    title = {A few useful things to know about machine learning},
    author = {Domingos, Pedro},
    year = {2012},
    issue_date = {October 2012},
    publisher = {Association for Computing Machinery},
    address = {New York, NY, USA},
    volume = {55},
    number = {10},
    issn = {0001-0782},
    doi = {10.1145/2347736.2347755},
    journal = {Commun. ACM},
    pages = {78–87},
    numpages = {10}
}

@misc{apuntes-redes-neuronales,
  author = {Tamarit, Francisco},
  title = {Apuntes de la materia {Redes Neuronales} de la {Facultad de Matemática, Astronomía, Física y Computación} de la {Universidad Nacional de Córdoba, Argentina}},
  year = {2024},
  url = {https://www.famaf.unc.edu.ar/~ftamarit/redes2024/2024_teoricos.html}
}

@misc{pytorch,
  author       = {Contributors},
  title        = {{PyTorch}: An open source machine learning framework},
  year         = {2024},
  url          = {https://pytorch.org},
}



